{
  "leader": "01944cam a22003971i 4500",
  "fields": [
    {
      "001": "ocm00519492\\"
    },
    {
      "003": "OCoLC"
    },
    {
      "005": "20220708095511.0"
    },
    {
      "008": "721218s1966\\\\\\\\nju\\\\\\\\\\\\b\\\\\\\\000\\0\\eng\\\\"
    },
    {
      "010": {
        "ind1": "\\",
        "ind2": "\\",
        "subfields": [
          {
            "a": "   66010271 "
          }
        ]
      }
    },
    {
      "040": {
        "ind1": "\\",
        "ind2": "\\",
        "subfields": [
          {
            "a": "DLC"
          },
          {
            "b": "eng"
          },
          {
            "c": "DLC"
          },
          {
            "d": "SER"
          },
          {
            "d": "LVB"
          },
          {
            "d": "SLU"
          },
          {
            "d": "YDXCP"
          },
          {
            "d": "STF"
          },
          {
            "d": "AU@"
          },
          {
            "d": "XXH"
          },
          {
            "d": "ZWZ"
          },
          {
            "d": "DEBBG"
          },
          {
            "d": "UKMGB"
          },
          {
            "d": "OCLCF"
          },
          {
            "d": "NLC"
          },
          {
            "d": "CPO"
          },
          {
            "d": "PAU"
          },
          {
            "d": "WSU"
          },
          {
            "d": "OCLCO"
          },
          {
            "d": "ZHC"
          },
          {
            "d": "IL4J6"
          },
          {
            "d": "OCLCQ"
          },
          {
            "d": "OCLCO"
          },
          {
            "d": "OCLCA"
          },
          {
            "d": "OCLCQ"
          },
          {
            "d": "OCLCO"
          },
          {
            "d": "OCLCA"
          },
          {
            "d": "CHUNN"
          },
          {
            "d": "OCLCO"
          },
          {
            "d": "CSB"
          }
        ]
      }
    },
    {
      "016": {
        "ind1": "\\",
        "ind2": "\\",
        "subfields": [
          {
            "a": "(AMICUS)000002785479"
          }
        ]
      }
    },
    {
      "016": {
        "ind1": "7",
        "ind2": "\\",
        "subfields": [
          {
            "a": "001275164"
          },
          {
            "2": "Uk"
          }
        ]
      }
    },
    {
      "019": {
        "ind1": "\\",
        "ind2": "\\",
        "subfields": [
          {
            "a": "492946981"
          },
          {
            "a": "1043976366"
          },
          {
            "a": "1056262026"
          },
          {
            "a": "1060775916"
          },
          {
            "a": "1064176552"
          },
          {
            "a": "1075397112"
          },
          {
            "a": "1097594171"
          },
          {
            "a": "1167009124"
          },
          {
            "a": "1201956505"
          },
          {
            "a": "1248471677"
          }
        ]
      }
    },
    {
      "035": {
        "ind1": "\\",
        "ind2": "\\",
        "subfields": [
          {
            "a": "(OCoLC)519492"
          },
          {
            "z": "(OCoLC)492946981"
          },
          {
            "z": "(OCoLC)1043976366"
          },
          {
            "z": "(OCoLC)1056262026"
          },
          {
            "z": "(OCoLC)1060775916"
          },
          {
            "z": "(OCoLC)1064176552"
          },
          {
            "z": "(OCoLC)1075397112"
          },
          {
            "z": "(OCoLC)1097594171"
          },
          {
            "z": "(OCoLC)1167009124"
          },
          {
            "z": "(OCoLC)1201956505"
          },
          {
            "z": "(OCoLC)1248471677"
          }
        ]
      }
    },
    {
      "042": {
        "ind1": "\\",
        "ind2": "\\",
        "subfields": [
          {
            "a": "premarc"
          }
        ]
      }
    },
    {
      "050": {
        "ind1": "0",
        "ind2": "0",
        "subfields": [
          {
            "a": "KZ4871"
          },
          {
            "b": ".F672 1966"
          }
        ]
      }
    },
    {
      "055": {
        "ind1": "\\",
        "ind2": "1",
        "subfields": [
          {
            "a": "JX1975.F62"
          }
        ]
      }
    },
    {
      "082": {
        "ind1": "0",
        "ind2": "4",
        "subfields": [
          {
            "a": "341.12"
          },
          {
            "b": "FOS"
          }
        ]
      }
    },
    {
      "100": {
        "ind1": "1",
        "ind2": "\\",
        "subfields": [
          {
            "a": "Fosdick, Raymond B."
          },
          {
            "q": "(Raymond Blaine),"
          },
          {
            "d": "1883-1972."
          }
        ]
      }
    },
    {
      "245": {
        "ind1": "1",
        "ind2": "0",
        "subfields": [
          {
            "a": "Letters on the League of Nations :"
          },
          {
            "b": "from the files of Raymond B. Fosdick /"
          },
          {
            "c": "by Raymond B. Fosdick."
          }
        ]
      }
    },
    {
      "260": {
        "ind1": "\\",
        "ind2": "\\",
        "subfields": [
          {
            "a": "Princeton, N.J. :"
          },
          {
            "b": "Princeton University Press,"
          },
          {
            "c": "1966."
          }
        ]
      }
    },
    {
      "300": {
        "ind1": "\\",
        "ind2": "\\",
        "subfields": [
          {
            "a": "xiii, 171 pages ;"
          },
          {
            "c": "21 cm"
          }
        ]
      }
    },
    {
      "336": {
        "ind1": "\\",
        "ind2": "\\",
        "subfields": [
          {
            "a": "text"
          },
          {
            "b": "txt"
          },
          {
            "2": "rdacontent"
          }
        ]
      }
    },
    {
      "337": {
        "ind1": "\\",
        "ind2": "\\",
        "subfields": [
          {
            "a": "unmediated"
          },
          {
            "b": "n"
          },
          {
            "2": "rdamedia"
          }
        ]
      }
    },
    {
      "338": {
        "ind1": "\\",
        "ind2": "\\",
        "subfields": [
          {
            "a": "volume"
          },
          {
            "b": "nc"
          },
          {
            "2": "rdacarrier"
          }
        ]
      }
    },
    {
      "340": {
        "ind1": "\\",
        "ind2": "\\",
        "subfields": [
          {
            "m": "8vo."
          },
          {
            "2": "rdabf"
          }
        ]
      }
    },
    {
      "490": {
        "ind1": "1",
        "ind2": "\\",
        "subfields": [
          {
            "a": "Supplementary volume to The papers of Woodrow Wilson"
          }
        ]
      }
    },
    {
      "504": {
        "ind1": "\\",
        "ind2": "\\",
        "subfields": [
          {
            "a": "Includes bibliographical references."
          }
        ]
      }
    },
    {
      "610": {
        "ind1": "2",
        "ind2": "0",
        "subfields": [
          {
            "a": "League of Nations."
          }
        ]
      }
    },
    {
      "610": {
        "ind1": "2",
        "ind2": "7",
        "subfields": [
          {
            "a": "League of Nations."
          },
          {
            "2": "fast"
          },
          {
            "0": "(OCoLC)fst00537247"
          }
        ]
      }
    },
    {
      "776": {
        "ind1": "0",
        "ind2": "8",
        "subfields": [
          {
            "i": "Online version:"
          },
          {
            "a": "Fosdick, Raymond B. (Raymond Blaine), 1883-1972."
          },
          {
            "t": "Letters on the League of Nations."
          },
          {
            "d": "Princeton, N.J. : Princeton University Press, 1966"
          },
          {
            "w": "(OCoLC)614024081"
          }
        ]
      }
    },
    {
      "800": {
        "ind1": "1",
        "ind2": "\\",
        "subfields": [
          {
            "a": "Wilson, Woodrow,"
          },
          {
            "d": "1856-1924."
          },
          {
            "t": "Papers. ;"
          },
          {
            "v": "Supplementary volume."
          }
        ]
      }
    },
    {
      "994": {
        "ind1": "\\",
        "ind2": "\\",
        "subfields": [
          {
            "a": "Z0"
          },
          {
            "b": "NYRVC"
          }
        ]
      }
    },
    {
      "948": {
        "ind1": "\\",
        "ind2": "\\",
        "subfields": [
          {
            "h": "NO HOLDINGS IN NYRVC - 709 OTHER HOLDINGS"
          }
        ]
      }
    },
    {
      "999": {
        "ind1": "\\",
        "ind2": "\\",
        "subfields": [
          {
            "a": "00000000014175"
          }
        ]
      }
    }
  ]
}